<record><leader>00000cas a22000007a 4500</leader><controlfield tag="001">18102431</controlfield><controlfield tag="008">880617d19511958ohudn ne      0    0eng d</controlfield><datafield ind1=" " ind2=" " tag="010"><subfield code="a">sn 88077544 </subfield></datafield><datafield ind1=" " ind2=" " tag="040"><subfield code="a">ONP</subfield><subfield code="b">eng</subfield><subfield code="c">ONP</subfield><subfield code="d">OCLCQ</subfield><subfield code="d">OCLCF</subfield><subfield code="d">OCLCO</subfield></datafield><datafield ind1=" " ind2=" " tag="042"><subfield code="a">msc</subfield></datafield><datafield ind1=" " ind2=" " tag="043"><subfield code="a">n-us-oh</subfield></datafield><datafield ind1="0" ind2="0" tag="245"><subfield code="a">Evening journal-tribune.</subfield></datafield><datafield ind1=" " ind2=" " tag="260"><subfield code="a">Marysville, Ohio :</subfield><subfield code="b">Marysville Newspapers Inc.,</subfield><subfield code="c">1951-1958.</subfield></datafield><datafield ind1=" " ind2=" " tag="300"><subfield code="a">15 v.</subfield></datafield><datafield ind1=" " ind2=" " tag="310"><subfield code="a">Daily (except Sat., Sun., and holidays),</subfield><subfield code="b">Aug. 1, 1958-Aug. 25, 1958</subfield></datafield><datafield ind1=" " ind2=" " tag="321"><subfield code="a">Daily (except Sun. and holidays),</subfield><subfield code="b">Mar. 5, 1951-July 31, 1958</subfield></datafield><datafield ind1="0" ind2=" " tag="362"><subfield code="a">Vol. 1, no. 1 (Mar. 5, 1951)-v. 15, no. 141 (Aug. 25, 1958).</subfield></datafield><datafield ind1=" " ind2="0" tag="651"><subfield code="a">Marysville (Ohio)</subfield><subfield code="v">Newspapers.</subfield></datafield><datafield ind1=" " ind2="0" tag="651"><subfield code="a">Union County (Ohio)</subfield><subfield code="v">Newspapers.</subfield></datafield><datafield ind1=" " ind2="7" tag="655"><subfield code="a">Newspapers.</subfield><subfield code="2">fast</subfield><subfield code="0">(OCoLC)fst01423814</subfield></datafield><datafield ind1=" " ind2="7" tag="651"><subfield code="a">Ohio</subfield><subfield code="z">Marysville.</subfield><subfield code="2">fast</subfield><subfield code="0">(OCoLC)fst01247595</subfield></datafield><datafield ind1=" " ind2="7" tag="651"><subfield code="a">Ohio</subfield><subfield code="z">Union County.</subfield><subfield code="2">fast</subfield><subfield code="0">(OCoLC)fst01224945</subfield></datafield><datafield ind1=" " ind2=" " tag="752"><subfield code="a">United States</subfield><subfield code="b">Ohio</subfield><subfield code="c">Union</subfield><subfield code="d">Marysville.</subfield></datafield><datafield ind1="0" ind2="4" tag="780"><subfield code="t">Evening tribune (Marysville, Ohio)</subfield><subfield code="w">(DLC)sn 88077543</subfield><subfield code="w">(OCoLC)18102426</subfield></datafield><datafield ind1="0" ind2="4" tag="780"><subfield code="t">Union County journal (Marysville, Ohio)</subfield><subfield code="w">(DLC)sn 85038220</subfield><subfield code="w">(OCoLC)11914905</subfield></datafield><datafield ind1="0" ind2="0" tag="785"><subfield code="t">Journal-Tribune (Marysville, Ohio)</subfield><subfield code="w">(DLC)sn 88077545</subfield><subfield code="w">(OCoLC)18102436</subfield></datafield></record>